@manual{VS206,
  author = {TU Dortmund},
  title = {Versuch 206 Die Wärmepumpe},
  
}
@manual{VS203,
  author = {TU Dortmund},
  title = {Versuch 203 Verdampfungswärme und Dampfdruck-Kurve},
  
}
@book{Gerthsen,
  author = {Meschede},
  title = {Gerthsen Physik},
  year = {2015}
  
}
@manual{EQI,
  
  title = {Eigenschaften-Quellen-Index (EQI)},
  year = {besucht 28.11.2020}
  
}